/Users/admin/Dropbox/master_cleanup.bib